<?xml version="1.0" encoding="UTF-8"?><record xmlns="http://www.loc.gov/MARC21/slim" xmlns:cinclude="http://apache.org/cocoon/include/1.0" xmlns:zs="http://www.loc.gov/zing/srw/">
  <leader>00396nz  a2200133n  4500</leader>
  <controlfield tag="001">n  92054708 </controlfield>
  <controlfield tag="003">DLC</controlfield>
  <controlfield tag="005">19920520082328.5</controlfield>
  <controlfield tag="008">920520n| acannaab|          |a aaa |||  </controlfield>
  <datafield tag="010" ind1=" " ind2=" ">
    <subfield code="a">n  92054708 </subfield>
  </datafield>
  <datafield tag="040" ind1=" " ind2=" ">
    <subfield code="a">DLC</subfield>
    <subfield code="c">DLC</subfield>
  </datafield>
  <datafield tag="100" ind1="1" ind2="0">
    <subfield code="a">Marx, Karl,</subfield>
    <subfield code="d">1818-1883.</subfield>
    <subfield code="t">MiseĚre de la philosophie.</subfield>
    <subfield code="l">English</subfield>
  </datafield>
  <datafield tag="400" ind1="1" ind2="0">
    <subfield code="a">Marx, Karl,</subfield>
    <subfield code="d">1818-1883.</subfield>
    <subfield code="t">Poverty of philosophy</subfield>
  </datafield>
  <datafield tag="670" ind1=" " ind2=" ">
    <subfield code="a">His The poverty of philosopy, 1992.</subfield>
  </datafield>
</record>